<?xml version="1.0" encoding="UTF-8"?><record xmlns="http://www.loc.gov/MARC21/slim" xmlns:cinclude="http://apache.org/cocoon/include/1.0" xmlns:zs="http://www.loc.gov/zing/srw/">
  <leader>00387nz  a2200121n  4500</leader>
  <controlfield tag="001">n 2012064975</controlfield>
  <controlfield tag="003">DLC</controlfield>
  <controlfield tag="005">20121005074943.0</controlfield>
  <controlfield tag="008">121004n| acannaabn          |n aaa      </controlfield>
  <datafield tag="010" ind1=" " ind2=" ">
    <subfield code="a">n 2012064975</subfield>
  </datafield>
  <datafield tag="040" ind1=" " ind2=" ">
    <subfield code="a">DLC</subfield>
    <subfield code="b">eng</subfield>
    <subfield code="c">DLC</subfield>
  </datafield>
  <datafield tag="100" ind1="1" ind2=" ">
    <subfield code="a">Pizzetti, Ildebrando,</subfield>
    <subfield code="d">1880-1968.</subfield>
    <subfield code="t">Colloquio</subfield>
  </datafield>
  <datafield tag="670" ind1=" " ind2=" ">
    <subfield code="a">Pizzetti, I. Trio in la (1925) [SR] p2010:</subfield>
    <subfield code="b">label (Colloquio (1948)) container (for violin and piano)</subfield>
  </datafield>
</record>